<record><leader>00000cas a2200000 a 4500</leader><controlfield tag="001">10185921</controlfield><controlfield tag="008">831203d18111815ohuwr ne      0    0eng c</controlfield><datafield ind1=" " ind2=" " tag="010"><subfield code="a">sn 83035624 </subfield></datafield><datafield ind1=" " ind2=" " tag="040"><subfield code="a">NPY</subfield><subfield code="b">eng</subfield><subfield code="c">NPY</subfield><subfield code="d">NPX</subfield><subfield code="d">DLC</subfield><subfield code="d">NPI</subfield><subfield code="d">OCL</subfield><subfield code="d">ONP</subfield><subfield code="d">KNP</subfield><subfield code="d">ONP</subfield><subfield code="d">CNK</subfield><subfield code="d">NVK</subfield><subfield code="d">NVF</subfield><subfield code="d">OCL</subfield><subfield code="d">IUL</subfield><subfield code="d">DLC</subfield><subfield code="d">IUL</subfield><subfield code="d">CUI</subfield><subfield code="d">OCLCQ</subfield><subfield code="d">OCLCF</subfield><subfield code="d">DLC</subfield></datafield><datafield ind1=" " ind2=" " tag="019"><subfield code="a">2261318</subfield></datafield><datafield ind1=" " ind2=" " tag="042"><subfield code="a">pcc</subfield></datafield><datafield ind1=" " ind2=" " tag="043"><subfield code="a">n-us-oh</subfield></datafield><datafield ind1="0" ind2="0" tag="050"><subfield code="a">Newspaper</subfield></datafield><datafield ind1=" " ind2="4" tag="050"><subfield code="a">AN</subfield></datafield><datafield ind1="0" ind2=" " tag="130"><subfield code="a">Fredonian (Chillicothe, Ross County, Ohio : 1811)</subfield></datafield><datafield ind1="1" ind2="4" tag="245"><subfield code="a">The Fredonian.</subfield></datafield><datafield ind1=" " ind2=" " tag="260"><subfield code="a">Chillicothe, Ohio :</subfield><subfield code="b">R.D. Richardson &amp; Co.,</subfield><subfield code="c">1811-</subfield></datafield><datafield ind1=" " ind2=" " tag="300"><subfield code="a">v.</subfield></datafield><datafield ind1=" " ind2=" " tag="310"><subfield code="a">Weekly</subfield></datafield><datafield ind1="0" ind2=" " tag="362"><subfield code="a">Vol. 3, no. 106 (Sept. 19, 1811)-</subfield></datafield><datafield ind1="1" ind2=" " tag="362"><subfield code="a">Ceased with Aug. 3, 1815 issue.</subfield></datafield><datafield ind1=" " ind2=" " tag="500"><subfield code="a">Published at Chillicothe, Ohio, Sept. 19-Oct. 3, 1811; at Circleville, Ohio, Oct. 9, 1811-Aug. 11, 1812; at Chillicothe, Ohio, Aug. 25, 1812-1815.</subfield></datafield><datafield ind1=" " ind2=" " tag="530"><subfield code="a">Available on microfilm from Microfilm Corp., Cleveland, Ohio.</subfield></datafield><datafield ind1=" " ind2=" " tag="580"><subfield code="a">Merged with: Scioto gazette (Chillicothe, Ross County, Ohio : 1801); to form: Scioto gazette and Fredonian chronicle.</subfield></datafield><datafield ind1=" " ind2="0" tag="651"><subfield code="a">Chillicothe (Ross County, Ohio)</subfield><subfield code="v">Newspapers.</subfield></datafield><datafield ind1=" " ind2="0" tag="651"><subfield code="a">Circleville (Ohio)</subfield><subfield code="v">Newspapers.</subfield></datafield><datafield ind1=" " ind2="7" tag="651"><subfield code="a">Ohio</subfield><subfield code="z">Chillicothe (Ross County)</subfield><subfield code="2">fast</subfield><subfield code="0">(OCoLC)fst01312400</subfield></datafield><datafield ind1=" " ind2="7" tag="651"><subfield code="a">Ohio</subfield><subfield code="z">Circleville.</subfield><subfield code="2">fast</subfield><subfield code="0">(OCoLC)fst01222377</subfield></datafield><datafield ind1=" " ind2="7" tag="655"><subfield code="a">Newspapers.</subfield><subfield code="2">fast</subfield><subfield code="0">(OCoLC)fst01423814</subfield></datafield><datafield ind1=" " ind2=" " tag="752"><subfield code="a">United States</subfield><subfield code="b">Ohio</subfield><subfield code="c">Ross</subfield><subfield code="d">Chillicothe.</subfield></datafield><datafield ind1=" " ind2=" " tag="752"><subfield code="a">United States</subfield><subfield code="b">Ohio</subfield><subfield code="c">Pickaway</subfield><subfield code="d">Circleville.</subfield></datafield><datafield ind1="0" ind2="8" tag="776"><subfield code="i">Online version:</subfield><subfield code="t">Fredonian (Chillicothe, Ross County, Ohio : 1811 : Online)</subfield><subfield code="w">(OCoLC)680287385</subfield></datafield><datafield ind1="0" ind2="0" tag="780"><subfield code="t">Independent Republican (Chillicothe, Ross County, Ohio)</subfield><subfield code="w">(DLC)sn 83035623</subfield><subfield code="w">(OCoLC)10201267</subfield></datafield><datafield ind1="1" ind2="7" tag="785"><subfield code="t">Scioto gazette (Chillicothe, Ross County, Ohio : 1801)</subfield><subfield code="w">(DLC)sn 83045185</subfield><subfield code="w">(OCoLC)2267563</subfield></datafield><datafield ind1="1" ind2="7" tag="785"><subfield code="t">Scioto gazette and Fredonian chronicle</subfield><subfield code="w">(DLC)sn 83035626</subfield><subfield code="w">(OCoLC)10185989</subfield></datafield><datafield ind1="1" ind2=" " tag="029"><subfield code="a">AU@</subfield><subfield code="b">000004321048</subfield></datafield></record>